% This file was created with Citavi 5.4.0.2

@inproceedings{BenFredj,
 abstract = {Zusamenfassung:

- Adaption von SOA f{\"u}r IoT erm{\"o}glicht die zusammenarbeit von ger{\"a}ten durch die abstrahierung ihrer f{\"a}higkeiten als services

- steigende Anzahl an IoT services

- dynamische IoT services

- geographische verteilung

--{\textgreater} bedarf an mechanismen um eine skalierbare und effizienter discovery durchzuf{\"u}hren

--{\textgreater} paper stellt ein discovery-framework vor, das sich an die dynamik von services anpasst und diese unterst{\"u}tzt},
 author = {{Ben Fredj}, Sameh and Boussard, Mathieu and Kofman, Daniel and Noirie, Ludovic},
 title = {Efficient semantic-based IoT service discovery mechanism for dynamic environments},
 pages = {2088--2092},
 booktitle = {2014 IEEE 25th Annual International Symposium on Personal, Indoor, and Mobile Radio Communications (PIMRC)},
 doi = {10.1109/PIMRC.2014.7136516}
}


@inproceedings{Dai,
 author = {Dai, Yue and Feng, Yongxin and Zhao, Yuntao and Huang, Yingchun},
 title = {A method of UDDI service subscription implementation},
 pages = {661--666},
 booktitle = {2014 5th IEEE International Conference on Software Engineering and Service Science (ICSESS)},
 doi = {10.1109/ICSESS.2014.6933655}
}


@inproceedings{Georgakopoulos,
 abstract = {Zusammenfassung:

- Internet of things w{\"a}chst rasant an

- Vision: IoT wird IoT-Ger{\"a}te und ihre Daten in die Entwicklung neuer Services integrieren -{\textgreater} ABER: ger{\"a}te m{\"u}ssen entwicklung von iot-applikationen besser unterst{\"u}tzen

--{\textgreater} Paper pr{\"a}sentiert vision einer architektur, die auf service discovery auf jedem layer des IoT beruht},
 author = {Georgakopoulos, Dimitrios and Jayaraman, Prem Prakash and Zhang, Miranda and Ranjan, Rajiv},
 title = {Discovery-Driven Service Oriented IoT Architecture},
 pages = {142--149},
 booktitle = {2015 IEEE Conference on Collaboration and Internet Computing (CIC)},
 doi = {10.1109/CIC.2015.34}
}


@inproceedings{Helal,
 abstract = {Zusammenfassung:

- normalerweise funktioniert SD {\"u}ber ein gateway, das die sensoren in seinem gebiet verwaltet

- f{\"u}r milliarden von sensoren (ger{\"a}ten?) sei das zu rechenintensiv

- Paper stellt deshalb ein protokoll vor, dass eine multi-tier-architektur benutzt, die ohne gateway auskommt

- ziele der Architektur: 

-- energie-effizienz durch wenige hops

-- hohe rate an erf{\"u}llten service requests (durch hash-table, die informationen {\"u}ber sensoren speichert)},
 author = {Helal, Rana and ElMougy, Amr},
 title = {An energy-efficient Service Discovery protocol for the IoT based on a multi-tier WSN architecture},
 pages = {862--869},
 booktitle = {2015 IEEE 40th Local Computer Networks Conference Workshops (LCN Workshops)},
 doi = {10.1109/LCNW.2015.7365939}
}


@inproceedings{Khodadadi,
 abstract = {Zusammenfassung:

- gegenw{\"a}rtige architekturen f{\"u}r IoT-umgebungen haben keinen effizienten und standardisierten weg f{\"u}r service discovery, service composition und skalierung

- paper stellt Simurgh vor, ein framework um aktuelle techniken verbessert

--{\textgreater} frameworkum obige probleme zu l{\"o}sen},
 author = {Khodadadi, Farzad and Dastjerdi, Amir Vahid and Buyya, Rajkumar},
 title = {Simurgh: A framework for effective discovery, programming, and integration of services exposed in IoT},
 pages = {1--6},
 booktitle = {2015 International Conference on Recent Advances in Internet of Things (RIoT)},
 doi = {10.1109/RIOT.2015.7104910}
}


@inproceedings{Wang,
 abstract = {Zusammenfassung:},
 author = {Wang, Edward and Chow, Richard},
 title = {What can i do here? IoT service discovery in smart cities},
 pages = {1--6},
 booktitle = {2016 IEEE International Conference on Pervasive Computing and Communication Workshops (PerCom Workshops)},
 doi = {10.1109/PERCOMW.2016.7457097}
}


@inproceedings{Yeom,
 author = {Yeom, Keunhyuk and Park, Joonseok and Moon, Mikyeong},
 title = {Registry and Discovery of Services with Variability Based on 2-Level UDDI},
 pages = {305--310},
 booktitle = {2011 IEEE 9th International Symposium on Parallel and Distributed Processing with Applications Workshops (ISPAW)},
 doi = {10.1109/ISPAW.2011.30}
}


